<?xml version="1.0" encoding="UTF-8"?><collection xmlns="http://www.loc.gov/MARC21/slim"><record><leader>00438nam--2200157-i-4500</leader><controlfield tag="001">000017274</controlfield><controlfield tag="002">20161230</controlfield><controlfield tag="005">20161230201032</controlfield><controlfield tag="008">060222s1000------------r-----000-0-eng-d</controlfield><datafield ind1=" " ind2=" " tag="020"><subfield code="a">92-826-1</subfield></datafield><datafield ind1=" " ind2=" " tag="080"><subfield code="a">621.039.7(061.3)</subfield></datafield><datafield ind1=" " ind2=" " tag="245"><subfield code="a">Non-destructive assay of radioactive waste. to pical meeting.  proceedings</subfield></datafield><datafield ind1=" " ind2=" " tag="260"><subfield code="a">Luxembourg, 1990. 327 P</subfield></datafield><datafield ind1=" " ind2=" " tag="490"><subfield code="a">Commission Of The European  Communities</subfield></datafield><datafield ind1=" " ind2=" " tag="700"><subfield code="a">C.Eid</subfield></datafield><datafield ind1=" " ind2=" " tag="852"><subfield code="a">80175</subfield></datafield></record></collection>